@article{Lindeberg1998,
author = {Lindeberg, T.},
doi = {10.1023/A:1008097225773},
file = {:C$\backslash$:/Users/oma385/Dropbox/Books + Papers/organized/mendeley/pdf/Lindeberg - 1998 - Edge detection and ridge detection with automatic scale selection.pdf:pdf},
keywords = {computer vision,diffuseness,edge detection,feature detection,gaussian deriva-,multiscale representation,normalized derivative,ridge detection,scale selection,scale-space,tive},
mendeley-groups = {PhD @ UTexas/Class Readings/3D Vol. Analysis/Project},
number = {2},
pages = {117--154},
title = {{Edge detection and ridge detection with automatic scale selection}},
url = {https://doi.org/10.1023/A:1008097225773},
volume = {30},
year = {1998}
}

@article{Voorn2013,
author = {Voorn, Maarten and others},
doi = {10.1016/j.cageo.2013.03.006},
file = {:C$\backslash$:/Users/oma385/Dropbox/Books + Papers/organized/mendeley/pdf/Voorn, Exner, Rath - 2013 - Multiscale Hessian fracture filtering for the enhancement and segmentation of narrow fractures in 3D image d.pdf:pdf},
issn = {00983004},
journal = {Computers and Geosciences},
keywords = {Dolomite,FIJI,Fractured reservoir,ImageJ,Macro,$\mu$CT},
mendeley-groups = {PhD @ UTexas/Class Readings/3D Vol. Analysis,PhD @ UTexas/Class Readings/3D Vol. Analysis/Project},
pages = {44--53},
publisher = {Elsevier},
title = {{Multiscale Hessian fracture filtering for the enhancement and segmentation of narrow fractures in 3D image data}},
url = {http://dx.doi.org/10.1016/j.cageo.2013.03.006},
volume = {57},
year = {2013}
}

@article{Ketcham2010,
author = {Ketcham, Richard A. and others},
doi = {10.1130/ges00552.1},
file = {:C$\backslash$:/Users/oma385/Dropbox/Books + Papers/organized/mendeley/pdf/Ketcham, Slottke, Sharp - 2010 - Three-dimensional measurement of fractures in heterogeneous materials using high-resolution X-ray compu.pdf:pdf},
journal = {Geosphere},
mendeley-groups = {PhD @ UTexas/Class Readings/3D Vol. Analysis,PhD @ UTexas/Class Readings/3D Vol. Analysis/Project},
number = {5},
pages = {499--514},
title = {{Three-dimensional measurement of fractures in heterogeneous materials using high-resolution X-ray computed tomography}},
volume = {6},
year = {2010}
}

@book{Darcy1856,
  title={Les Fontaines publiques de la ville de Dijon. Exposition et application des principes {\`a} suivre et des formules {\`a} employer dans les questions de distribution d'eau, etc},
  author={Darcy, Henry Philibert Gaspard},
  year={1856},
  publisher={V. Dalamont}
}

@book{Mavko2009,
address = {Cambridge},
author = {Mavko, Gary and others},
doi = {10.1017/CBO9780511626753},
isbn = {9780511626753},
mendeley-groups = {PhD @ UTexas/EDGER/2019/Research Outlook,Books},
pages = {511},
publisher = {Cambridge University Press},
title = {{The Rock Physics Handbook}},
url = {http://ebooks.cambridge.org/ref/id/CBO9780511626753},
year = {2009}
}

@article{Carman1961,
  title={Lâ€™ecoulement des gaz a travers les milieux poreux: Presses Universitaires de France},
  author={Carman, PC},
  year={1961}
}

@article{schindelin2012fiji,
  title={Fiji: an open-source platform for biological-image analysis},
  author={Schindelin, Johannes and Arganda-Carreras, Ignacio and Frise, Erwin and Kaynig, Verena and Longair, Mark and Pietzsch, Tobias and Preibisch, Stephan and Rueden, Curtis and Saalfeld, Stephan and Schmid, Benjamin and others},
  journal={Nature methods},
  volume={9},
  number={7},
  pages={676--682},
  year={2012},
  publisher={Nature Publishing Group},
  note={This citation is for using Fiji or imageJ}
}

@phdthesis{Zhao2017thesis,
	author = {Zhao, Qi},
	file = {:Users/omaralamoudi/Dropbox/Books + Papers/organized/Mendeley/pdf/2017/Zhao - 2017 - Investigating brittle rock failure and associated seismicity using laboratory experiments and numerical simulations.pdf:pdf},
	isbn = {9780355531619},
	mendeley-groups = {PhD @ UTexas/Projects/Fracture Detection and Measurements Project},
	pages = {185},
	school = {University of Toronto},
	title = {{Investigating brittle rock failure and associated seismicity using laboratory experiments and numerical simulations}},
	url = {https://librarysearch.library.utoronto.ca/permalink/01UTORONTO{\_}INST/14bjeso/alma991106699896906196},
	year = {2017},
	note={This thesis contains information about the dataset used, and a description of estimating the surface area of the fractues}
}

@article{Zhao2020,
author = {Zhao, Qi and Glaser, Steven D. and Tisato, Nicola and Grasselli, Giovanni},
title = {Assessing Energy Budget of Laboratory Fault Slip Using Rotary Shear Experiments and Micro-Computed Tomography},
journal = {Geophysical Research Letters},
volume = {47},
number = {1},
pages = {e2019GL084787},
keywords = {energy budget, laboratory earthquake, fracture energy, micro-CT, machine learning},
doi = {https://doi.org/10.1029/2019GL084787},
url = {https://agupubs.onlinelibrary.wiley.com/doi/abs/10.1029/2019GL084787},
eprint = {https://agupubs.onlinelibrary.wiley.com/doi/pdf/10.1029/2019GL084787},
year = {2020}
}

@article{Zhao2017,
author = {Zhao, Qi and Tisato, Nicola and Grasselli, Giovanni},
doi = {10.1063/1.4974149},
file = {:Users/omaralamoudi/Dropbox/Books + Papers/organized/Mendeley/pdf/2017/Zhao, Tisato, Grasselli - 2017 - Rotary shear experiments under X-ray micro-computed tomography(2).pdf:pdf},
issn = {10897623},
journal = {Review of Scientific Instruments},
mendeley-groups = {PhD @ UTexas/Projects/Fracture Detection and Measurements Project},
number = {1},
pmid = {28147676},
title = {{Rotary shear experiments under X-ray micro-computed tomography}},
url = {http://dx.doi.org/10.1063/1.4974149},
volume = {88},
year = {2017}
}

@article{Ketcham2001,
archivePrefix = {arXiv},
arxivId = {cond-mat/0105458},
author = {Ketcham, R. A. and Carlson, William D.},
doi = {10.1016/S0098-3004(00)00116-3},
eprint = {0105458},
file = {:Users/omaralamoudi/Dropbox/Books + Papers/organized/Mendeley/pdf/2001/Ketcham, Carlson - 2001 - Acquisition, optimization and interpretation of x-ray computed tomographic imagery Applications to the geoscie.pdf:pdf},
isbn = {0098-3004},
issn = {00983004},
journal = {Computers and Geosciences},
keywords = {Iunage analysis,Visualization},
mendeley-groups = {PhD @ UTexas/CTScanning,PhD @ UTexas/Class Readings/3D Vol. Analysis/Project,PhD @ UTexas/Projects/Fracture Detection and Measurements Project},
number = {4},
pages = {381--400},
pmid = {246548700032},
primaryClass = {cond-mat},
title = {{Acquisition, optimization and interpretation of x-ray computed tomographic imagery: Applications to the geosciences}},
volume = {27},
year = {2001}
}

@book{Zoback2007,
address = {Cambridge},
author = {Zoback, Mark D.},
doi = {10.1017/CBO9780511586477},
isbn = {9780511586477},
mendeley-groups = {PhD @ UTexas/PhD Proposal},
month = {may},
publisher = {Cambridge University Press},
title = {{Reservoir Geomechanics}},
url = {https://www.cambridge.org/core/product/identifier/9781316091869/type/book http://ebooks.cambridge.org/ref/id/CBO9780511586477},
year = {2007}
}

@article{Zimmerman1996,
author = {Zimmerman, Robert W. and Bodvarsson, Gudmundur S.},
doi = {10.1007/BF00145263},
file = {:C$\backslash$:/Users/oma385/Dropbox/Books + Papers/organized/mendeley/pdf/Zimmerman, Bodvarsson - 1996 - Hydraulic conductivity of rock fractures.pdf:pdf},
issn = {01693913},
journal = {Transport in Porous Media},
keywords = {Fracture conductivity,Fractures,Hele-Shaw,Navier-Stokes},
mendeley-groups = {PhD @ UTexas/PhD Proposal},
number = {1},
pages = {1--30},
title = {{Hydraulic conductivity of rock fractures}},
volume = {23},
year = {1996}
}
